@book{kubatova,
    author    = {doc. Ing. Hana Kubátová CSc.},
    title     = {Struktura a architektura počítačů s řešenými příklady},
    year      = 2018,
    publisher = "České vysoké učení technické v Praze",
    isbn   = {9788001064108},
    address = {Thákurova 1, 160 41, Praha 6},
    edition = 2
}
@book{boole1854investigation,
title={An investigation of the laws of thought: on which are founded the mathematical theories of logic and probabilities},
author={Boole, George},
year={1854},
publisher={Dover Publications}
}
@book{jazykyapreklady,
    author  = {MELICHAR, Bořivoj},
    title   = {Jazyky a překlady},
    publisher = "České vysoké učení technické v Praze",
    isbn   = {80-01-01511-4}
}
@misc{hodinovedomeny,
    author = "{Bečvář, Daněk, Schmidt, Novotný}",
    title = {{Přechod mezi hodinovými doménami}},
    year=2006,
}
@misc{vhdlI,
    author = "{Martin Novotný}",
    title = {{VHDL - Processes, signals and data types}},
    year=2006,
}
@misc{vhdlII,
    author = "{Bečvář, Daněk, Schmidt, Novotný}",
    title = {{VHDL II - Automaty, typy, generický popis}},
    year=2006,
}